@inproceedings{ Regin:1996:GAC:1892875.1892906,
	author = {R{\'e}gin, Jean-Charles},
	title = {Generalized Arc Consistency for Global Cardinality Constraint},
	booktitle = {Proceedings of the Thirteenth National Conference on Artificial Intelligence - Volume 1},
	series = {AAAI'96},
	year = {1996},
	isbn = {0-262-51091-X},
	location = {Portland, Oregon},
	pages = {209--215},
	numpages = {7},
	url = {http://dl.acm.org/citation.cfm?id=1892875.1892906},
	acmid = {1892906},
	publisher = {AAAI Press},
}
@misc{ wiki:gip,
	author = "Wikipedia contributors",
	title = "Graph isomorphism problem --- Wikipedia{,} The Free Encyclopedia",
	year = "2018",
	url = "https://en.wikipedia.org/w/index.php?title=Graph_isomorphism_problem&oldid=823934316",
	note = "[Online; accessed 10-February-2018]"
}
@misc{ wiki:msp,
	author = "Wikipedia contributors",
	title = "Maximum common induced subgraph --- Wikipedia{,} The Free Encyclopedia",
	year = "2016",
	url = "https://en.wikipedia.org/w/index.php?title=Maximum_common_induced_subgraph&oldid=749430208",
	note = "[Online; accessed 15-February-2018]"
}